@article {SVS2013,
  author = "Nguyen, H. V. and Porikli, F.",
  year = "2013",
  title = "Support Vector Shapes: A Classifier Based Shape Representation",
  journal = "IEEE Transactions on Pattern Analysis and Machine Intelligence",
  volume = "35",
  number = 4,
  pages = "970 - 982"
}

@inproceedings{besl1992method,
  title={Method for registration of 3-D shapes},
  author={Besl, Paul J and McKay, Neil D},
  booktitle={Robotics-DL tentative},
  pages={586--606},
  year={1992},
  organization={International Society for Optics and Photonics}
}

@inproceedings{harris1988combined,
  title={A combined corner and edge detector.},
  author={Harris, Chris and Stephens, Mike},
  booktitle={Alvey vision conference},
  volume={15},
  pages={50},
  year={1988},
  organization={Manchester, UK}
}

@article{lindeberg1998feature,
  title={Feature detection with automatic scale selection},
  author={Lindeberg, Tony},
  journal={International journal of computer vision},
  volume={30},
  number={2},
  pages={79--116},
  year={1998},
  publisher={Springer}
}

@article{lowe2004distinctive,
  title={Distinctive image features from scale-invariant keypoints},
  author={Lowe, David G},
  journal={International journal of computer vision},
  volume={60},
  number={2},
  pages={91--110},
  year={2004},
  publisher={Springer}
}

@incollection{bay2006surf,
  title={Surf: Speeded up robust features},
  author={Bay, Herbert and Tuytelaars, Tinne and Van Gool, Luc},
  booktitle={Computer Vision--ECCV 2006},
  pages={404--417},
  year={2006},
  publisher={Springer}
}

@article{rosten2010faster,
  title={Faster and better: A machine learning approach to corner detection},
  author={Rosten, Edward and Porter, Reid and Drummond, Tom},
  journal={Pattern Analysis and Machine Intelligence, IEEE Transactions on},
  volume={32},
  number={1},
  pages={105--119},
  year={2010},
  publisher={IEEE}
}

@article{sipiran2011harris,
  title={Harris 3D: a robust extension of the Harris operator for interest point detection on 3D meshes},
  author={Sipiran, Ivan and Bustos, Benjamin},
  journal={The Visual Computer},
  volume={27},
  number={11},
  pages={963--976},
  year={2011},
  publisher={Springer}
}

@inproceedings{zhong2009intrinsic,
  title={Intrinsic shape signatures: A shape descriptor for 3d object recognition},
  author={Zhong, Yu},
  booktitle={Computer Vision Workshops (ICCV Workshops), 2009 IEEE 12th International Conference on},
  pages={689--696},
  year={2009},
  organization={IEEE}
}

@inproceedings{steder2011point,
  title={Point feature extraction on 3D range scans taking into account object boundaries},
  author={Steder, Bastian and Rusu, Radu Bogdan and Konolige, Kurt and Burgard, Wolfram},
  booktitle={Robotics and Automation (ICRA), 2011 IEEE International Conference on},
  pages={2601--2608},
  year={2011},
  organization
  ={IEEE}
}

@article{cortes1995support,
  title={Support-vector networks},
  author={Cortes, Corinna and Vapnik, Vladimir},
  journal={Machine learning},
  volume={20},
  number={3},
  pages={273--297},
  year={1995},
  publisher={Springer}
}

@inproceedings{latecki2000shape,
  title={Shape descriptors for non-rigid shapes with a single closed contour},
  author={Latecki, Longin Jan and Lakamper, Rolf and Eckhardt, T},
  booktitle={Computer Vision and Pattern Recognition, 2000. Proceedings. IEEE Conference on},
  volume={1},
  pages={424--429},
  year={2000},
  organization={IEEE}
}
